<?xml version="1.0" encoding="UTF-8"?><record xmlns="http://www.loc.gov/MARC21/slim" xmlns:cinclude="http://apache.org/cocoon/include/1.0" xmlns:zs="http://www.loc.gov/zing/srw/">
  <leader>00953nz  a2200241n  4500</leader>
  <controlfield tag="001">no2013108464</controlfield>
  <controlfield tag="003">DLC</controlfield>
  <controlfield tag="005">20131004073530.0</controlfield>
  <controlfield tag="008">131003n| azannaabn          |a aaa     c</controlfield>
  <datafield tag="010" ind1=" " ind2=" ">
    <subfield code="a">no2013108464</subfield>
  </datafield>
  <datafield tag="035" ind1=" " ind2=" ">
    <subfield code="a">(OCoLC)oca09583953</subfield>
  </datafield>
  <datafield tag="040" ind1=" " ind2=" ">
    <subfield code="a">RPJCB</subfield>
    <subfield code="b">eng</subfield>
    <subfield code="e">rda</subfield>
    <subfield code="c">RPJCB</subfield>
  </datafield>
  <datafield tag="100" ind1="1" ind2=" ">
    <subfield code="a">Morales y Andrade, Rafael Antonio</subfield>
  </datafield>
  <datafield tag="370" ind1=" " ind2=" ">
    <subfield code="e">Mexico City, Mexico</subfield>
  </datafield>
  <datafield tag="372" ind1=" " ind2=" ">
    <subfield code="a">Theology</subfield>
    <subfield code="a">Grammar</subfield>
    <subfield code="a">Philisophy</subfield>
  </datafield>
  <datafield tag="373" ind1=" " ind2=" ">
    <subfield code="a">Real y Pontificia Universidad de MeĚxico</subfield>
    <subfield code="2">naf</subfield>
  </datafield>
  <datafield tag="374" ind1=" " ind2=" ">
    <subfield code="a">Theologian</subfield>
    <subfield code="a">Grammatician</subfield>
    <subfield code="a">Philosopher</subfield>
  </datafield>
  <datafield tag="375" ind1=" " ind2=" ">
    <subfield code="a">male</subfield>
  </datafield>
  <datafield tag="377" ind1=" " ind2=" ">
    <subfield code="a">lat</subfield>
  </datafield>
  <datafield tag="400" ind1="1" ind2=" ">
    <subfield code="a">Andrade, Rafael Antonio Morales y</subfield>
  </datafield>
  <datafield tag="400" ind1="1" ind2=" ">
    <subfield code="a">Morales et Andrade, Raphaele Antonio</subfield>
  </datafield>
  <datafield tag="670" ind1=" " ind2=" ">
    <subfield code="a">Logicae et metaphysicae assertiones, 1797 :</subfield>
    <subfield code="b">title page (Praeside. Raphaele. Antonio. Morales. et. Andrade. Honoris. Traeba. Theologio. certamine. adepta. olim. in. eodem. colllegio. decorato. grammatices. dein. nunc. vero. publico. philosophiae. professore)</subfield>
  </datafield>
  <datafield tag="675" ind1=" " ind2=" ">
    <subfield code="a">Porrua (6th ed.)</subfield>
  </datafield>
</record>